@online{microsoftStoryboard,
	author			= {{Windows Dev Center}},
	title			= {Hilo: Developing C++ Applications for Windows 7},
	year			= {2016},
	url 			= {https://msdn.microsoft.com/en-us/library/windows/desktop/ff800706.aspx},
	subtitle		= {Designing the Hilo User Experience},
	language		= {English},
	organization	= {Microsoft},
	urldate 		= {2016-12-3}
}