@misc{WebAnime,
  title={Web UI Animation},
  author={Kogovšek, Rok and Kruglov, Alexei and Pulido Ruiz, Fernando and Zöhrer, Helmut},
  year={2016},
  publisher={Graz University of Technology}
}

@online{keithDataVis,
	author			= {Keith, Andrews},
	title			= {Data Visualisation},
	year			= {2015},
	url 			= {http://keithandrews.com/talks/2015/dd-2015-11-26/},
	language		= {English},
	organization	= {IICM, Graz University of Technology, Austria},
	urldate 		= {2016-13-3}
}
