@online{hamburgerMenu,
	author			= {Robert Boyce},
	title			= {Paper Nav},
	year			= {2014},
	url 			= {https://codepen.io/rboyce/pen/wlijs},
	language		= {English},
	organization	= {CodePen},
	urldate 		= {2016-12-3}
}

@online{hamburgerVar,
	author			= {Jesse Couch},
	title			= {Menu "Hamburger" Icon Animations},
	year			= {2014},
	url 			= {https://codepen.io/designcouch/pen/Atyop},
	language		= {English},
	organization	= {CodePen},
	urldate 		= {2016-12-3}
}

@online{menuIndex,
	author			= {EvyatarDa},
	title			= {Navigation Animation},
	year			= {2015},
	url 			= {https://codepen.io/EvyatarDa/pen/waKXMd},
	language		= {English},
	organization	= {CodePen},
	urldate 		= {2016-12-3}
}

@online{cirleLoader,
	author			= {W3Schools},
	title			= {Navigation Animation},
	year			= {2016},
	url 			= {http://www.w3schools.com/howto/howto_css_loader.asp},
	language		= {English},
	organization	= {W3Schools},
	urldate 		= {2016-12-3}
}

@online{otherLoaders,
	author			= {PEXELS},
	title			= {CSS Only Loaders},
	year			= {2014},
	url 			= {https://www.pexels.com/blog/css-only-loaders},
	language		= {English},
	organization	= {PEXELS},
	urldate 		= {2016-12-3}
}

@online{beerSVG,
	author			= {Ali},
	title			= {Animated svg - Pintsize logo},
	year			= {2015},
	url 			= {http://codepen.io/alistairtweedie/pen/GgPBqP},
	language		= {English},
	organization	= {CodePen},
	urldate 		= {2016-12-3}
}

@online{trashSVG,
	author			= {Free Goodies for Designers, Bryn Taylor},
	title			= {Ready to use SVG icons for the web},
	year			= {2016},
	url 			= {http://svgicons.sparkk.fr/},
	language		= {English},
	organization	= {SPARKK},
	urldate 		= {2016-12-3}
}

@online{solarSystem,
	author			= {Julian Garnier},
	title			= {CSS 3D Solar System},
	year			= {2015},
	url 			= {https://codepen.io/juliangarnier/pen/idhuG},
	language		= {English},
	organization	= {CodePen},
	urldate 		= {2016-12-3}
}

@online{rocketmanSVG,
	author			= {Chris Gannon},
	title			= {SVG Rainbow Rocket Man},
	year			= {2015},
	url 			= {http://codepen.io/chrisgannon/pen/EjVyXN},
	language		= {English},
	organization	= {CodePen},
	urldate 		= {2016-12-3}
}

@online{transformsJS,
	author			= {GreenSock},
	title			= {Independent Transforms},
	year			= {2014},
	url 			= {http://codepen.io/GreenSock/pen/kingu},
	language		= {English},
	organization	= {CodePen},
	urldate 		= {2016-12-3}
}

@online{imposJS,
	author			= {GreenSock},
	title			= {Impossible with CSS: controls},
	year			= {2014},
	url 			= {http://codepen.io/GreenSock/pen/AwCKp},
	language		= {English},
	organization	= {CodePen},
	urldate 		= {2016-12-3}
}
@online{CircleHtml,
	author			= {W3Schools},
	title			= {Examples in Each Chapter},
	year			= {2016},
	url 			= {http://www.w3schools.com/graphics/svg_intro.asp},
	language		= {English},
	organization	= {W3Schools},
	urldate 		= {2016-12-3}
}

@online{CarSVG,
	author			= {Creative Bloq},
	title			= {20 examples of SVG that will make your jaw drop},
	year			= {2015},
	url 			= {http://www.creativebloq.com/design/examples-svg-7112785},
	language		= {English},
	organization	= {Creative Bloq},
	urldate 		= {2015-10-11}
}
