% At the top books

@article{head2016designing,
  title={Designing interface animation},
  author={Head, Val},
  year={2016},
  publisher={Rosenfeld Media}
}

% Online sources

@online{w3school,
	author			= {W3Schools},
	title			= {CSS3},
	year			= {2016},
	url 			= {http://www.w3schools.com/css/css3_animations.asp},
	subtitle		= {CSS3 Animations},
	language		= {English},
	organization	= {W3Schools},
	urldate 		= {03.12.2016},
}

@online{vtldesign,
	author			= {Jesse Rand},
	title			= {The Genius—and Potential Dangers—of the Hamburger Icon (Flyout Menu)},
	year			= {2015},
	url 			= {https://vtldesign.com/web-strategy/website-design-development/hamburger-icon-flyout-menu-website-navigation},
	subtitle		= {Meet the Hamburger Icon},
	language		= {English},
	organization	= {vital.},
	urldate 		= {03.12.2016},
}

@online{googleDev,
	author			= {Paul Lewis and Sam Thorogood},
	title			= {Web Fundamentals},
	year			= {2016},
	url 			= {https://developers.google.com/web/fundamentals/design-and-ui/animations/css-vs-javascript},
	subtitle		= {CSS Versus JavaScript Animations},
	language		= {English},
	organization	= {Google Developers},
	urldate 		= {03.12.2016},
}

